@BOOK{KAR00,
  title = {Brownian Motion and Stochastic Calculus},
  publisher = {Springer},
  year = {2000},
  author = {Ioannis Karatzas. and Steven E. Shreve},
  address = {Berlin},
  edition = {2nd},
  added-at = {2009-03-03T17:19:04.000+0100},
  biburl = {http://www.bibsonomy.org/bibtex/2efd586067c62cfd524368a2caa3ff70e/bronckobuster},
  interhash = {2d18584226b8fde7d4e5154309f4268c},
  intrahash = {efd586067c62cfd524368a2caa3ff70e},
  keywords = {imported},
  nota = {gst:},
  timestamp = {2009-03-03T17:19:04.000+0100}
}

@BOOK{Pro1990,
  title = {Stochastic Integration and Differential Equations},
  publisher = {Springer},
  year = {1990},
  author = {Protter, Philip},
  added-at = {2008-03-07T17:14:08.000+0100},
  biburl = {http://www.bibsonomy.org/bibtex/2d68435e7d88e42c06a1ee6143a2f0c25/alex},
  interhash = {770eb527cd5c3a7649b952496b8e3aa6},
  intrahash = {d68435e7d88e42c06a1ee6143a2f0c25},
  keywords = {integration stochastics stochastik},
  timestamp = {2008-03-07T17:14:08.000+0100}
}

@BOOK{GVK25295551X,
  title = {Continuous martingales and Brownian motion},
  publisher = {Springer},
  year = {1999},
  author = {Revuz, {Daniel} and Yor, {Marc}},
  number = {293},
  series = {Grundlehren der mathematischen Wissenschaften},
  address = {Berlin [u.a.]},
  edition = {3. ed},
  added-at = {2009-08-21T11:04:17.000+0200},
  biburl = {http://www.bibsonomy.org/bibtex/23311a243311e26aface17433292a5e30/fbw_hannover},
  interhash = {8bf02539150574460aa1e3b15ca0a9c4},
  intrahash = {3311a243311e26aface17433292a5e30},
  isbn = {3540643257},
  keywords = {Brownsche_Bewegung Martingal Mathematische_Methoden_der_Physik Stochastische_Analysis
	Thermodynamik Wahrscheinlichkeitsrechnung statistische_Physik},
  pagetotal = {XIII, 602},
  ppn_gvk = {25295551X},
  timestamp = {2009-08-21T11:04:17.000+0200},
  url = {http://gso.gbv.de/DB=2.1/CMD?ACT=SRCHA&SRT=YOP&IKT=1016&TRM=ppn+25295551X&sourceid=fbw_bibsonomy}
}



%AKA EMPIEZAN LAS MIAS REALES

@techreport{report:akamai,
  author    = "Akamai",
  title     = "akamai’s [state of the internet]",
  institution = "Akamai",
  number   = "2",
  year      = "2014",
  note     = {Q2 [2014 Report] Volume 8 Number 2}
}

@misc{nota:2020,
  author = {Gartner, Inc.},
  title = {Gartner Says the Internet of Things Installed Base Will Grow to 26 Billion Units By 2020},
  year = {2013},
  note = {\url{http://www.gartner.com/newsroom/id/2636073}}
 }
 
@book{book:sockets,
 author = {Stevens, W. Richard and Fenner, Bill and Rudoff, Andrew M.},
 title = {UNIX Network Programming, Vol. 1},
 year = {1990},
 publisher = {Prentice-Hall, Inc.}
} 
 
@inproceedings{paper:MESI,
  title={A low-overhead coherence solution for multiprocessors with private cache memories},
  author={Papamarcos, Mark S and Patel, Janak H},
  booktitle={ACM SIGARCH Computer Architecture News},
  pages={348--354},
  year={1984},
  organization={ACM}
}


@misc{paper:snoop,
  title={Cache implementation for multiple microprocessors},
  author={Ravishankar, C.V. and Goodman, J.R.},
  publisher={IEEE,New York, NY},
  year={1983},
  month={Jan}
}

 
@misc{rfc:147,
  author={J.M. Winett},
  title={Definition of a socket},
  series={Request for Comments},
  number={147},
  howpublished={RFC 147},
  publisher={IETF},
  organization={Internet Engineering Task Force},
  year={1971},
  month={may},
  note = {\url{http://www.ietf.org/rfc/rfc147.txt}}
} 
 
@misc{rfc:768,
  author={J. Postel},
  title={User Datagram Protocol},
  series={Request for Comments},
  number={768},
  howpublished={RFC 768 (INTERNET STANDARD)},
  publisher={IETF},
  organization={Internet Engineering Task Force},
  year={1980},
  month={aug},
  note = {\url{http://www.ietf.org/rfc/rfc768.txt}}
}

@misc{rfc:1034,
  author={P.V. Mockapetris},
  title={Domain names - concepts and facilities},
  series={Request for Comments},
  number={1034},
  howpublished={RFC 1034 (INTERNET STANDARD)},
  publisher={IETF},
  organization={Internet Engineering Task Force},
  year={1987},
  month={nov},
  note={\url{http://www.ietf.org/rfc/rfc1034.txt}}
}

@misc{rfc:1035,
  author={P.V. Mockapetris},
  title={Domain names - implementation and specification},
  series={Request for Comments},
  number={1035},
  howpublished={RFC 1035 (INTERNET STANDARD)},
  publisher={IETF},
  organization={Internet Engineering Task Force},
  year={1987},
  month={nov},
  note={\url{http://www.ietf.org/rfc/rfc1035.txt}}
}

%REVISAR
@article{udp:highbandwidth,
  title={Using udp for reliable data transfer over high bandwidth-delay product networks},
  author={Gu, Yunhong and Grossman, Robert and Hong, Xinwei and Mazzucco, Marco},
  journal={Laboratory for Advanced Computing, University of Illinois at Chicage},
  year={2003},
  publisher={Citeseer}
}

@article{udp:video,
  title={An improved UDP protocol for video transmission over internet-to-wireless networks},
  author={Zheng, Haitao and Boyce, Jill},
  journal={Multimedia, IEEE Transactions on},
  volume={3},
  number={3},
  pages={356--365},
  year={2001},
  publisher={IEEE}
}

@misc{wiki:nombre_dominio,
  author = {Wikipedia},
  title = {Dominio de Internet --- Wikipedia, La enciclopedia libre},
  year = {2014},
  note = {\url{http://es.wikipedia.org/w/index.php?title=Dominio_de_Internet&oldid=77332519}}
}

@inproceedings{paper:toshiba,
  author = {Jinmei, Tatuya and Vixie, Paul},
  title = {Implementation and Evaluation of Moderate Parallelism in the BIND9 DNS Server},
  booktitle = {Proceedings of the Annual Conference on USENIX '06 Annual Technical Conference},
  series = {ATEC '06},
  year = {2006},
  location = {Boston, MA},
  pages = {12--12},
  numpages = {1},
  note = {\url{http://dl.acm.org/citation.cfm?id=1267359.1267371},
  acmid = {1267371},
  publisher = {USENIX Association},
  address = {Berkeley, CA, USA}
}}

@book{book:SOConcepts,
 author = {Silberschatz, Abraham and Galvin, Peter Baer and Gagne, Greg},
 title = {Operating System Concepts},
 year = {2008},
 isbn = {0470128720},
 edition = {8th},
 publisher = {Wiley Publishing}
} 

@misc{tesis:diegoDCC, 
  author = {Diego Arturo Guillermo Alejandro Rivera Villagra}, 
  title = {Optimización del Rendimiento de Sockets UDP en Aplicaciones Multithreads}, 
  school = {Departamento de Ciencias de la Computación, Universidad de Chile, Chile}, 
  year = {2013}, 
  month = {Septiembre}
}
  
@misc{post:facebook,
  author = {PAUL SAAB},
  title = {Scaling memcached at facebook},
  year = {2008},
  note = {\url{https://www.facebook.com/note.php?note_id=39391378919}}
 }  
 
@misc{article:perf,
  title={perf file format},
  author={F{\"a}ssler, Urs and Nowak, Andrzej},
  year={2011}
}

@misc{slides:hpPerf,
    author  = {Davidlohr Bueso and Scott Norton},
    title   = {An Overview of Kernel Lock Improvements},
    publisher = {LinuxCon North America, Chicago},
    year    = {2014},
    note = {\url{https://events.linuxfoundation.org/sites/events/files/slides/linuxcon-2014-locking-final.pdf}}
}

@misc{slides:perfTools,
    author  = {Arnaldo Carvalho de Melo, Red Hat Inc.},
    title   = {Linux Perf Tools: Overview and Current Developments},
    publisher = {The Linux Foundation Collaboration Summit, San Francisco},
    year    = {2012},
    note = {\url{https://events.linuxfoundation.org/images/stories/pdf/lfcs2012_melo.pdf}}
}

@inproceedings{paper:clusteringKernel,
  title={Clustering the Kernel},
  author={Lissy, Alexandre and Parpaillon, Jean and Martineau, Patrick},
  booktitle={Linux Symposium},
  pages={109},
  year={2012}
}

@inproceedings{paper:FTraceSony,
  title={Measuring function duration with ftrace},
  author={Bird, Tim},
  booktitle={Proc. of the Japan Linux Symposium},
  year={2009}
}

@misc{slides:googleReuseport,
    author  = {Ying Cai},
    title   = {SO\_REUSEPORT,Scaling Techniques for Servers with High
Connection Rates},
    publisher = {Linux Plumbers Conference},
    year    = {2010},
    note = {\url{https://domsch.com/linux/lpc2010/Scaling_techniques_for_servers_with_high_connection%20rates.pdf}}
}

@Book{book:spinlocks,
author={Corbet, Jonathan and Rubini, Alessandro and Kroah-Hartman, Greg},
title = {Linux device drivers},
publisher = {O'Reilly},
year = {2005},
OPTedition = {3rd Edition},
OPTmonth = {February},
chapter={5.5 Concurrency and Race Conditions: Spinlocks}
}
@TechReport{paper:apache,
author = {Yingqi Lu, Rob Shiveley, Jeff Ruby},
title = {Scaling the Performance of Apache* Web Server on Intel-Based Platforms},
institution = {Intel Corporation},
year = {2015},
note = {\url{http://www.intel.com/content/www/us/en/data-center/scaling-apache-server-performance-paper.html}}
}
@TechReport{paper:NUMA,
author = {David Ott},
title = {Optimizing Applications for NUMA},
institution = {Intel Corporation},
year = {2011},
note = {\url{https://software.intel.com/en-us/articles/optimizing-applications-for-numa}}
}
@article{paper:cacheaffinity,
  title={Evaluating the performance of cache-affinity scheduling in shared-memory multiprocessors},
  author={Torrellas, Josep and Tucker, Andrew and Gupta, Anoop},
  journal={Journal of Parallel and Distributed Computing},
  volume={24},
  number={2},
  pages={139--151},
  year={1995},
  publisher={Elsevier}
}

@inproceedings{paper:cachebouncing,
  title={Locking in os kernels for smp systems},
  author={Starke, Arwed},
  booktitle={Hot Topics in Operating Systems},
  year={2006},
  organization={Citeseer}
}

@article{report:netfilterModule,
  title={Writing Netfilter Modules},
  author={Engelhardt, Jan and Bouliane, Nicolas},
  journal={Revised, February},
  volume={7},
  year={2011}
}

@article{paper:quickpath,
  title={Introduction to the Intel QuickPath Interconnect},
  author={Intel, An},
  journal={White Paper},
  year={2009}
}

@inproceedings{report:intelxeon5600,
  title={Early performance evaluation of new Six-Core Intel{\textregistered} Xeon{\textregistered} 5600 family processors for HPC},
  author={Gepner, Pawel and Kowalik, Michal F and Fraser, David L and Wa{\'c}kowski, Kazimierz},
  booktitle={Parallel and Distributed Computing (ISPDC), 2010 Ninth International Symposium on},
  pages={117--124},
  year={2010},
  organization={IEEE}
}

@Manual{manual:intelxeon5600,
title = {Intel® Xeon® Processor 5600 Series},
organization = {Intel Corporation},
year = {2010},
note = {\url{http://www.intel.com/content/www/us/en/processors/xeon/xeon-5600-brief.html}}
}

@Manual{manual:bigbigevents,
title = {Intel® 64 and IA-32 Architectures Software Developer’s Manual},
organization = {Intel Corporation},
year = {2010-2015}
}
